<?xml version="1.0" encoding="utf-8"?>
<record xmlns="http://www.loc.gov/MARC21/slim" xmlns:xsi="http://www.w3.org/2001/XMLSchema-instance" xsi:schemaLocation="http://www.loc.gov/MARC21/slim http://www.loc.gov/standards/marcxml/schema/MARC21slim.xsd">
	<leader>     nam a22        4500</leader>
	<controlfield tag="001">3071682</controlfield>
	<controlfield tag="003">NNC</controlfield>
	<controlfield tag="006">m        d        </controlfield>
	<controlfield tag="007">cr cn |||m|||a</controlfield>
	<controlfield tag="008">150603s1903    su      o     000 0 ara d</controlfield>
	<datafield ind1=" " ind2=" " tag="040">
		<subfield code="a">NNU</subfield>
		<subfield code="b">eng</subfield>
		<subfield code="e">rda</subfield>
		<subfield code="c">NNU</subfield>
	</datafield>
	<datafield ind1="1" ind2=" " tag="100">
		<subfield code="6">880-01</subfield>
		<subfield code="a">Ibn Qayyim al-Jawzīyah, Muḥammad ibn Abī Bakr,</subfield>
		<subfield code="d">1292-1350.</subfield>
	</datafield>
	<datafield ind1="1" ind2="0" tag="240">
		<subfield code="6">880-02</subfield>
		<subfield code="a">Aqsām al-Qurʼān</subfield>
	</datafield>
	<datafield ind1="1" ind2="0" tag="245">
		<subfield code="6">880-03</subfield>
		<subfield code="a">Kitāb Aqsām al-Qurʼān,</subfield>
		<subfield code="b">al-musammā bi-al-Tibyān, lil-ʻallāmah al-ḥāfiẓ Shams al-Dīn Abī ʻAbd Allāh al-Dimashqī al-Ḥanbalī al-maʻrūf bi Ibn al-Qayyim.</subfield>
	</datafield>
	<datafield ind1=" " ind2=" " tag="260">
		<subfield code="6">880-04</subfield>
		<subfield code="a">Makkah :</subfield>
		<subfield code="b">al-Maṭbaʻah al-Mīrīyah,</subfield>
		<subfield code="c">1321 h. [1903]</subfield>
	</datafield>
	<datafield ind1=" " ind2=" " tag="300">
		<subfield code="a">online resource (157, 3 pages)</subfield>
	</datafield>
	<datafield ind1=" " ind2=" " tag="336">
		<subfield code="a">text</subfield>
		<subfield code="2">rdacontent</subfield>
	</datafield>
	<datafield ind1=" " ind2=" " tag="337">
		<subfield code="a">computer</subfield>
		<subfield code="2">rdamedia</subfield>
	</datafield>
	<datafield ind1=" " ind2=" " tag="338">
		<subfield code="a">online resource</subfield>
		<subfield code="2">rdacarrier</subfield>
	</datafield>
	<datafield ind1=" " ind2=" " tag="500">
		<subfield code="a">Part of the Arabic Collections Online (ACO) project, contributed by Columbia University Libraries.</subfield>
	</datafield>
	<datafield ind1=" " ind2=" " tag="533">
		<subfield code="a">Electronic reproduction.</subfield>
		<subfield code="b">New York, N.Y. :</subfield>
		<subfield code="c">New York University,</subfield>
		<subfield code="d">2015.</subfield>
		<subfield code="5">NNU</subfield>
	</datafield>
	<datafield ind1="0" ind2="0" tag="630">
		<subfield code="a">Qurʼan.</subfield>
	</datafield>
	<datafield ind1="0" ind2="7" tag="630">
		<subfield code="a">Qurʼan.</subfield>
		<subfield code="2">fast</subfield>
		<subfield code="0">(OCoLC)fst01842877</subfield>
	</datafield>
	<datafield ind1="2" ind2=" " tag="710">
		<subfield code="a">Columbia University.</subfield>
		<subfield code="b">Libraries.</subfield>
	</datafield>
	<datafield ind1="0" ind2=" " tag="730">
		<subfield code="a">Arabic Collections Online.</subfield>
	</datafield>
	<datafield ind1="0" ind2="8" tag="776">
		<subfield code="i">Print version:</subfield>
		<subfield code="a">Ibn Qayyim al-Jawzīyah, Muḥammad ibn Abī Bakr, 1292-1350.</subfield>
		<subfield code="t">Kitāb Aqsām al-Qurʼān</subfield>
		<subfield code="w">(NNC)3071682</subfield>
		<subfield code="w">(OCoLC)47822333</subfield>
	</datafield>
	<datafield ind1="4" ind2="0" tag="856">
		<subfield code="u">http://hdl.handle.net/2333.1/31zcrmq5</subfield>
	</datafield>
	<datafield ind1="1" ind2=" " tag="880">
		<subfield code="6">100-01/r</subfield>
		<subfield code="a">ابن قيم الجوزية، محمد بن ابي بكر،</subfield>
		<subfield code="d">1292-1350.</subfield>
	</datafield>
	<datafield ind1="1" ind2="0" tag="880">
		<subfield code="6">240-02/r</subfield>
		<subfield code="a">اقسام القرآن</subfield>
	</datafield>
	<datafield ind1="1" ind2="0" tag="880">
		<subfield code="6">245-03/r</subfield>
		<subfield code="a">كتاب اقسام القرآن،</subfield>
		<subfield code="b">المسما بالتبيان، للعلامة الحافظ شمس الدين ابي عبدالله الدمشقي الحنبلي المعروف بي ابن القيم.</subfield>
	</datafield>
	<datafield ind1=" " ind2=" " tag="880">
		<subfield code="6">260-04/r</subfield>
		<subfield code="a">مكة :</subfield>
		<subfield code="b">المطبعة الميرية،</subfield>
		<subfield code="c">1321 ه. [1903]</subfield>
	</datafield>
	<datafield ind1=" " ind2=" " tag="959">
		<subfield code="a">NNU</subfield>
		<subfield code="b">WEB</subfield>
		<subfield code="c">GENI</subfield>
		<subfield code="t">0</subfield>
		<subfield code="m">Electronic access</subfield>
		<subfield code="s">01</subfield>
	</datafield>
	<datafield ind1=" " ind2=" " tag="999">
		<subfield code="i">NNC_3071682</subfield>
		<subfield code="o">(OCoLC)ocm47822333</subfield>
		<subfield code="s">columbia_aco000495</subfield>
		<subfield code="e">(ERROR-880)</subfield>
		<subfield code="s">columbia_aco000495</subfield>
	</datafield>
</record>
